<record><leader>00000cas a2200000 a 4500</leader><controlfield tag="001">14767245</controlfield><controlfield tag="008">861119d19261946inuwr ne      0    0eng c</controlfield><datafield ind1=" " ind2=" " tag="010"><subfield code="a">sn 86058957 </subfield></datafield><datafield ind1=" " ind2=" " tag="040"><subfield code="a">NPI</subfield><subfield code="b">eng</subfield><subfield code="c">NPI</subfield><subfield code="d">OCLCQ</subfield><subfield code="d">IUL</subfield><subfield code="d">OCLCF</subfield></datafield><datafield ind1=" " ind2=" " tag="042"><subfield code="a">pcc</subfield></datafield><datafield ind1=" " ind2=" " tag="043"><subfield code="a">n-us-in</subfield></datafield><datafield ind1="0" ind2="4" tag="245"><subfield code="a">The Camden record-news.</subfield></datafield><datafield ind1=" " ind2=" " tag="260"><subfield code="a">Camden, Ind. :</subfield><subfield code="b">W.N. McPhail,</subfield><subfield code="c">1926-1946.</subfield></datafield><datafield ind1=" " ind2=" " tag="300"><subfield code="a">19 volumes</subfield></datafield><datafield ind1=" " ind2=" " tag="310"><subfield code="a">Weekly</subfield></datafield><datafield ind1="0" ind2=" " tag="362"><subfield code="a">Vol. 1, no. 1 (June 24, 1926)-vol. no. 19, number 35 (September 26, 1946).</subfield></datafield><datafield ind1=" " ind2=" " tag="515"><subfield code="a">Numbering is irregular; also carries numbering of earlier title Camden record.</subfield></datafield><datafield ind1=" " ind2="0" tag="651"><subfield code="a">Camden (Ind.)</subfield><subfield code="v">Newspapers.</subfield></datafield><datafield ind1=" " ind2="0" tag="651"><subfield code="a">Carroll County (Ind.)</subfield><subfield code="v">Newspapers.</subfield></datafield><datafield ind1=" " ind2="7" tag="651"><subfield code="a">Indiana</subfield><subfield code="z">Camden.</subfield><subfield code="2">fast</subfield><subfield code="0">(OCoLC)fst01285856</subfield></datafield><datafield ind1=" " ind2="7" tag="651"><subfield code="a">Indiana</subfield><subfield code="z">Carroll County.</subfield><subfield code="2">fast</subfield><subfield code="0">(OCoLC)fst01211749</subfield></datafield><datafield ind1=" " ind2="7" tag="655"><subfield code="a">Newspapers.</subfield><subfield code="2">fast</subfield><subfield code="0">(OCoLC)fst01423814</subfield></datafield><datafield ind1=" " ind2=" " tag="752"><subfield code="a">United States</subfield><subfield code="b">Indiana</subfield><subfield code="c">Carroll</subfield><subfield code="d">Camden.</subfield></datafield><datafield ind1="0" ind2="0" tag="780"><subfield code="t">Camden record</subfield><subfield code="w">(DLC)sn 87055229</subfield><subfield code="w">(OCoLC)15482725</subfield></datafield><datafield ind1="0" ind2="4" tag="785"><subfield code="t">Delphi citizen</subfield><subfield code="w">(DLC)sn 84045405</subfield><subfield code="w">(OCoLC)11312895</subfield></datafield><datafield ind1="4" ind2="1" tag="856"><subfield code="u">https://access.newspaperarchive.com/us/indiana/camden/camden-advisor/</subfield></datafield><datafield ind1="4" ind2="1" tag="856"><subfield code="u">https://access.newspaperarchive.com/us/indiana/camden/camden-record-news/</subfield></datafield></record>